@article{bruder2003ieee,
  title={IEEE Standard Letter Designations for Radar-Frequency Bands},
  author={Bruder, JA and Carlo, JT and Gurney, JH and Gorman, J},
  journal={IEEE Aerospace \& Electronic Systems Society},
  pages={1--3},
  year={2003}
}
